<?xml version="1.0" encoding="UTF-8"?><collection xmlns="http://www.loc.gov/MARC21/slim"><record><leader>00340nam--2200121-i-4500</leader><controlfield tag="001">000030266</controlfield><controlfield tag="002">20161230</controlfield><controlfield tag="005">20161230201038</controlfield><controlfield tag="008">060222s1000------------r-----000-0-eng-d</controlfield><datafield ind1=" " ind2=" " tag="080"><subfield code="a">061.62(485):001.891:539</subfield></datafield><datafield ind1=" " ind2=" " tag="245"><subfield code="a">Manne siegbahn institute of physics stockholm, sweden</subfield></datafield><datafield ind1=" " ind2=" " tag="260"><subfield code="a">Stockholm, Institute Of Physics, 1991, 25p</subfield></datafield><datafield ind1=" " ind2=" " tag="852"><subfield code="a">79553</subfield></datafield></record></collection>